%
%  An example of a bibliographical database for bibTeX
%
%  Recommended software for maintenance of *.bib files:
%    JabRef, http://jabref.sourceforge.net/
%
%  BEWARE:
%
%    *  If a name contains a capital letter, which must be kept such,
%       use curly brackets ({T}hailand, {HIV}).
%
%  ===========================================================================

@ONLINE{hive,
  title = "Hive {UDF}",
  url = "https://cwiki.apache.org/confluence/display/Hive/LanguageManual+DDL#LanguageManualDDL-CreateFunction",
  addendum = "(accessed: June 07, 2023)"
}

@ONLINE{mssql,
  title = "{CLR} integration in {MSSQL}",
  url = "https://learn.microsoft.com/en-us/sql/relational-databases/clr-integration/common-language-runtime-integration-overview",
  addendum = "(accessed: June 07, 2023)"
}

@ONLINE{postgresql,
  title = "{C}-language functions in {P}ostgre{SQL}",
  url = "https://www.postgresql.org/docs/current/xfunc-c.html",
  addendum = "(accessed: June 07, 2023)"
}

@ONLINE{ssis,
  title = "Developing Custom Objects for Integration Services",
  url = "https://learn.microsoft.com/en-us/sql/integration-services/extending-packages-custom-objects/developing-custom-objects-for-integration-services?view=sql-server-ver15",
  addendum = "(accessed: June 07, 2023)"
}

@ONLINE{snowflake,
  title = "Stored Procedures Overview",
  url = "https://docs.snowflake.com/en/sql-reference/stored-procedures-overview",
  addendum = "(accessed: June 07, 2023)"
}

@ONLINE{talend,
  title = "Talend custom code",
  url = "https://help.talend.com/r/en-US/7.3/java-custom-code/java-custom-code",
  addendum = "(accessed: June 07, 2023)"
}

@ONLINE{streamsets,
  title = "Creating a Custom StreamSets Processor",
  url = "https://github.com/streamsets/tutorials/blob/master/tutorial-processor/readme.md",
  addendum = "(accessed: June 07, 2023)"
}

@ONLINE{bigquery,
  title = "{CREATE FUNCTION} statement",
  url = "https://cloud.google.com/bigquery/docs/reference/standard-sql/data-definition-language#create_function_statement",
  addendum = "(accessed: June 07, 2023)"
}

@ONLINE{informatica,
  title = "Developing a Custom Component in Java",
  url = "https://docs.informatica.com/data-integration/b2b-data-transformation/10-4-0/engine-developer-guide/custom-script-components/developing-a-custom-component-in-java.html",
  addendum = "(accessed: June 07, 2023)"
}

@ONLINE{adf,
  title = "Custom activities in Azure Data Factory",
  url = "https://learn.microsoft.com/en-us/azure/data-factory/transform-data-using-custom-activity",
  addendum = "(accessed: June 07, 2023)"
}

@ONLINE{sas,
  title = "Python procedure",
  url = "https://documentation.sas.com/doc/en/pgmsascdc/v_017/proc/n0asd2rsj9aedgn1828aptww56of.htm",
  addendum = "(accessed: June 07, 2023)"
}

@ONLINE{databricks,
  title = "Language-specific introductions to Databricks",
  url = "https://docs.databricks.com/languages/index.html",
  addendum = "(accessed: June 07, 2023)"
}

@ONLINE{awsglueintro,
  title = "Program AWS Glue ETL scripts in PySpark",
  url = "https://docs.aws.amazon.com/glue/latest/dg/aws-glue-programming-python.html",
  addendum = "(accessed: June 07, 2023)"
}

@ONLINE{hiveudfexample,
  title = "Use a Java UDF with Apache Hive in HDInsight",
  url = "https://learn.microsoft.com/en-us/azure/hdinsight/hadoop/apache-hadoop-hive-java-udf",
  addendum = "(accessed: July 14, 2023)"
}

@ONLINE{gluejobs,
  title = "AWS Glue Jobs API documentation",
  url = "https://docs.aws.amazon.com/glue/latest/dg/aws-glue-api-jobs-job.html",
  addendum = "(accessed: May 30, 2022)"
}

@ONLINE{gluedatabase,
  title = "AWS Glue Data Catalog Database API documentation",
  url = "https://docs.aws.amazon.com/glue/latest/dg/aws-glue-api-catalog-databases.html",
  addendum = "(accessed: May 30, 2022)"
}

@ONLINE{gluetable,
  title = "AWS Glue Data Catalog Table API documentation",
  url = "https://docs.aws.amazon.com/glue/latest/dg/aws-glue-api-catalog-tables.html",
  addendum = "(accessed: May 30, 2022)"
}